@MISC{openfoam2014,
  author = {{OpenFOAM Foundation}},
  title = {OpenFOAM - The Open Source CFD Toolbox - User Guide},
  note = {abgerufen am: 31.05.2014},
  address = {{}},
  owner = {},
  timestamp = {2014.05.31},
  url = {http://foam.sourceforge.net/docs/Guides-a4/UserGuide.pdf}
}

@BOOK{conrad2005,
  title = {Grundlagen der Konstruktionslehre - Methoden und Beispiele f{\"u}r
	den Maschinenbau},
  publisher = {Hanser Fachbuchverlag},
  year = {2005},
  author = {Conrad, K.-J.},
  address = {M"unchen},
  adress = {M"unchen}
}

@BOOK{dresig2009,
  title = {Maschinendynamik},
  publisher = {Springer},
  year = {2009},
  author = {Dresig, H. AND Holzweissig, F.},
  address = {Berlin},
  owner = {},
  timestamp = {2010.12.30}
}

@BOOK{gold2004,
  title = {Maschinenelemente - Band 1},
  year = {2004},
  author = {Gold, P. W.},
  address = {Aachen},
  owner = {},
  timestamp = {2009.04.01}
}

@BOOK{gold2004b,
  title = {Maschinenakustik (Vorlesungsumdruck)},
  publisher = {Eigenverlag Institut f"ur Maschinenelemente},
  year = {2004},
  author = {Gold, P. W.},
  address = {Aachen},
  edition = {4},
  owner = {},
  timestamp = {2011.02.11}
}

@BOOK{hafner1985,
  title = {Torsionsschwingungen in der Verbrennungskraftmaschine},
  publisher = {Springer},
  year = {1985},
  author = {Hafner, K.E. AND Maass, H. AND List, H. AND Pischinger, A.},
  address = {Wien},
  owner = {},
  timestamp = {2011.03.28}
}

@BOOK{hartmann1982,
  title = {Berechnung des dynamischen Verhaltens von Viskosedrehschwingungsd"ampfern.},
  publisher = {Konstruktion und Fertigung},
  year = {1982},
  author = {Hartmann, R.},
  owner = {},
  timestamp = {2011.03.28}
}

@MISC{ime2011,
  author = {{Institut f"ur Maschinenelemente und Maschinengestaltung (IME) der
	RWTH Aachen}},
  title = {Forschung - Drehschwingungssimulation},
  lastchecked = {2011-04-11},
  publisher = {Institut f"ur Maschinenelemente und Maschinengestaltung (IME) RWTH
	Aachen},
  url = {\\http://www.ime.rwth-aachen.de/index.php?id=31}
}

@BOOK{iwamoto1979,
  title = {Experimentelle Untersuchung der Temperatur des Wirk"ols im Viskosedrehschwingungsd"ampfer},
  publisher = {The Science and Engineering Reports of Daitama University},
  year = {1979},
  author = {Iwamoto, S.},
  number = {13},
  pages = {1-16},
  series = {C},
  owner = {},
  timestamp = {2011.03.28}
}

@BOOK{jacobs2010a,
  title = {Maschinengestaltung},
  publisher = {IME/RWTH Aachen},
  year = {2010},
  author = {Jacobs, G.},
  volume = {1},
  address = {Aachen},
  owner = {},
  timestamp = {2011.06.13}
}

@BOOK{jacobs2010b,
  title = {Maschinengestaltung},
  publisher = {IME/RWTH Aachen},
  year = {2010},
  author = {Jacobs, G.},
  volume = {2},
  address = {Aachen},
  owner = {},
  timestamp = {2011.06.13}
}

@INCOLLECTION{dresp2009,
  author = {Jacobs, G. AND Schelenz, R. AND Augustino, R. AND Kube, A. AND Flock,
	S. AND Juretzki, B.},
  title = {Benutzerhandbuch DRESP 12.0},
  booktitle = {FVA-Forschungsheft Nr. 485},
  publisher = {FVA},
  year = {2009},
  address = {Aachen AND Frankfurt am Main},
  owner = {},
  timestamp = {2010.12.30}
}

@TECHREPORT{fva2009,
  author = {Jacobs, G. AND Schelenz, R. AND Augustino, R. AND Kube, A. AND Flock,
	S. AND Juretzki, B.},
  title = {Forschungsantrag: Integration in das FVA-Software-Rahmenger"ust,
	funktionale Erweiterung des Programmpakets sowie Vereinfachung des
	Zugangs zur Verwendung von DRESP},
  institution = {Institut f"ur Maschinenelemente und Maschinengestaltung (IME) RWTH
	Aachen},
  year = {2009},
  address = {Aachen},
  owner = {},
  timestamp = {2011.04.11}
}

@MISC{matlab,
  author = {MathWorks},
  title = {MATLAB Produkbeschreibung},
  lastchecked = {\\2011-04-11},
  publisher = {MathWorks},
  url = {\\http://www.mathworks.de/products/matlab/description1.html}
}

@BOOK{polifke2009,
  title = {W"arme"ubertragung: Grundlagen, analytische und numerische Methoden},
  publisher = {Pearson Studium},
  year = {2009},
  author = {Polifke, W. AND Kopitz, J.},
  volume = {2},
  owner = {},
  timestamp = {2011.03.28}
}

@BOOK{schulz1980,
  title = {Ermittlung des physikalischen Verhaltens von hochviskosen Fl"ussigkeiten
	bei harmonischer Schubbeanspruchung},
  year = {1980},
  author = {Schulz, K.},
  address = {Berlin},
  owner = {},
  timestamp = {2011.03.28}
}

@BOOK{sprato1986,
  title = {Ermittlung rheologischer Stoffmodelle f"ur Silikon"ole als Grundlage
	zur Auslegung von Viskose-Drehschwingungsd"ampfern},
  publisher = {VDI-Verlag},
  year = {1986},
  author = {Sprato, E.},
  address = {D"usseldorf},
  owner = {},
  timestamp = {2011.03.28}
}

@BOOK{dubbel2005,
  title = {Dubbel - Taschenbuch f"ur den Maschinenbau},
  publisher = {Springer},
  year = {2005},
  editor = {Grote, H.-J. AND Feldhusen, J.},
  address = {Berlin, Heidelberg, New York},
  owner = {},
  timestamp = {2009.04.01}
}

@MANUAL{atmel2008,
  title = {Datenblatt: Atmel ATmega8(L)},
  organization = {Atmel Corporation},
  address = {San Jose},
  year = {2008},
  owner = {},
  timestamp = {2009.04.21}
}

@BOOK{waermeatlas,
  title = {VDI-W{\"a}rmeatlas},
  author={{VDI e.V.}},
  publisher = {Springer},
  year = {2006},
  isbn={978-3-540-25504-8},
  owner = {},
  timestamp = {2014.08.16}
}

@BOOK{baehr2004,
  title = {W{\"a}rme- und Stoff{\"u}bertragung},
  publisher = {Springer},
  year = {2004},
  author = {Baehr, H.D. AND Stephan, K.},
  address = {Berlin u.a.},
  owner = {},
  timestamp = {2014.04.07}
}

@BOOK{marek2012,
  title = {Praxis der W{\"a}rme{\"u}bertragung},
  publisher = {Hanser},
  year = {2012},
  author = {Marek, R. AND Nitsche, K.},
  address = {M{\"u}nchen},
  owner = {},
  timestamp = {2014.05.16}
}

@MISC{openscad2014,
  title = {OpenSCAD - About},
  note = {abgerufen am: 16.08.2014},
  address = {{}},
  owner = {},
  timestamp = {2014.08.16},
  url = {http://www.openscad.org/about.html}
}

@MISC{openfoamwiki,
  title = {Unofficial OpenFOAM wiki},
  note = {abgerufen am: 17.08.2014},
  address = {{}},
  owner = {},
  timestamp = {2014.08.17},
  url = {http://www.openfoamwiki.net}
}

@MISC{scilab,
  title = {Scilab - Open source software for numerical computation},
  note = {abgerufen am: 17.08.2014},
  address = {{}},
  owner = {},
  timestamp = {2014.08.17},
  url = {http://www.scilab.org}
}

@ARTICLE{isack2011,
  author = {Isack, M. AND Basel, F. AND {von Hoffmann}, A.},
  title = {Thermische Simulation von LED-Systemen mit Open-Source-Software},
  journal = {Elektor Special Project: LEDs},
  year = {2011},
  volume = {3},
  pages = {6-11},
  owner = {},
  timestamp = {2014.08.18}
}

@comment{jabref-meta: selector_publisher:}

@comment{jabref-meta: selector_author:}

@comment{jabref-meta: selector_journal:}

@comment{jabref-meta: selector_keywords:}
